<?xml version="1.0" encoding="UTF-8"?><collection xmlns="http://www.loc.gov/MARC21/slim"><record><leader>00504nam--2200181-i-4500</leader><controlfield tag="001">000038165</controlfield><controlfield tag="002">20161230</controlfield><controlfield tag="005">20161230201041</controlfield><controlfield tag="008">060222s1000------------r-----000-0-ger-d</controlfield><datafield ind1=" " ind2=" " tag="040"><subfield code="a">IFIN-HH</subfield></datafield><datafield ind1=" " ind2=" " tag="041"><subfield code="a">ger</subfield></datafield><datafield ind1="1" ind2=" " tag="100"><subfield code="a">Prager, William</subfield></datafield><datafield ind1="1" ind2="0" tag="245"><subfield code="a">Einfuhrung in die kontinuumsmechanik</subfield><subfield code="c">William Prager</subfield></datafield><datafield ind1=" " ind2=" " tag="260"><subfield code="a">Stuttgart, Birkhauser Verlag, 1961</subfield></datafield><datafield ind1=" " ind2=" " tag="300"><subfield code="a">228P</subfield></datafield><datafield ind1=" " ind2=" " tag="490"><subfield code="a">Lehr-und Handbucher Der Ingenieurwissenschaften</subfield><subfield code="v">Band 20</subfield></datafield><datafield ind1=" " ind2=" " tag="852"><subfield code="a">16029</subfield><subfield code="c">531</subfield></datafield><datafield ind1=" " ind2=" " tag="CAT"><subfield code="a">Sys</subfield><subfield code="c">20100622</subfield><subfield code="h">133154</subfield></datafield></record></collection>